% Encoding: UTF-8

@WWW{Python_site,
  author       = {Python Software Foundation},
  url          = {https://www.python.org/},
  language     = {Английский},
  organization = {Python Software Foundation},
  urldate      = {2021-08-17},
}

@Comment{jabref-meta: databaseType:biblatex;}
