% Encoding: UTF-8

@WWW{Wiki:Manhattan_distance,
  author  = {Wikipedia},
  title   = {Расстояние городских кварталов},
  url     = {https://en.wikipedia.org/wiki/Taxicab_geometry},
  urldate = {2021-08-18},
}

@WWW{Wiki:Euclidian_distance,
  author  = {Wikipedia},
  title   = {Euclidean distance},
  url     = {https://en.wikipedia.org/wiki/Euclidean_distance},
  urldate = {2021-08-18},
}

@Comment{jabref-meta: databaseType:biblatex;}
