@WWW{Python:site,
  author       = {Python Software Foundation},
  title        = {Python site},
  url          = {https://www.python.org/},
  language     = {Английский},
  organization = {Python Software Foundation},
  urldate      = {2021-08-17},
}

@WWW{Jupyter:site,
  title   = {Jupyter site},
  url     = {https://jupyter.org},
  urldate = {2022-05-13},
}

@WWW{Spyder:site,
  title = {Spyder IDE site},
  url   = {https://www.spyder-ide.org/},
}

@Comment{jabref-meta: databaseType:biblatex;}
