% Encoding: UTF-8

@WWW{R_language,
  author       = {The~R~Foundation},
  title        = {The~R~Project for~Statistical Computing},
  url          = {https://www.r-project.org/},
  language     = {Английский},
  organization = {The~R~Foundation},
  urldate      = {2021-08-17},
  timestamp    = {2021-08-17},
}

@WWW{RStudio:official_site,
  author   = {Studio, PBC},
  title    = {RStudio official site},
  url      = {https://www.rstudio.com/},
  language = {Английский},
  urldate  = {2021-08-19},
}

@Comment{jabref-meta: databaseType:biblatex;}
