% Encoding: UTF-8

@TechReport{Intel_i7_7500U,
  author   = {Intel},
  title    = {Процессор Intel® Core™ i7-7500U},
  language = {Русский},
  url      = {https://ark.intel.com/content/www/ru/ru/ark/products/95451/intel-core-i7-7500u-processor-4m-cache-up-to-3-50-ghz.html},
  urldate  = {2021-08-19},
}

@WWW{KDE_plasma:official_site,
  author       = {KDE e.V.},
  title        = {Plasma. KDE community},
  url          = {https://kde.org/plasma-desktop/},
  language     = {Английский},
  organization = {KDE e.V.},
  urldate      = {2021-08-19},
}

@WWW{Qt:official_site,
  title    = {Qt},
  url      = {https://www.qt.io/},
  language = {Английский},
  urldate  = {2021-08-19},
}

@WWW{Git:official_site,
  title   = {Git official site},
  url     = {https://git-scm.com/},
  urldate = {2021-08-19},
}

@WWW{GitHubDesktop:official_page,
  title   = {GitHub Desktop},
  url     = {https://desktop.github.com/},
  urldate = {2021-08-19},
}

@WWW{Excel:MS_site,
  author   = {Microsoft Corporation},
  title    = {Microsoft Excel},
  url      = {https://www.microsoft.com/en-us/microsoft-365/excel},
  language = {Английский},
  urldate  = {2021-08-20},
}

@WWW{LO:Calc,
  author   = {The Document Foundation},
  title    = {LibreOffice Calc},
  url      = {https://www.libreoffice.org/discover/calc/},
  language = {Английский},
  urldate  = {2021-08-20},
}

@WWW{OO:Calc,
  author  = {The~Apache Software Foundation},
  title   = {OpenOffice Calc},
  url     = {https://www.openoffice.org/product/calc.html},
  urldate = {2021-08-20},
}

@WWW{Google:Sheets,
  author  = {Google},
  title   = {Google Sheets},
  url     = {https://www.google.com/sheets/about/},
  urldate = {2021-08-20},
}

@WWW{Def:operator,
  author  = {Программирование на~C и~C++. Онлайн справочник программиста на~C и~C++},
  title   = {Оператор},
  url     = {http://www.c-cpp.ru/books/operatory},
  urldate = {2021-08-20},
}

@WWW{Wiki:variable_CS,
  author  = {Wikipedia},
  title   = {Переменная (программирование)},
  url     = {https://ru.wikipedia.org/wiki/Переменная_(программирование)},
  urldate = {2021-08-20},
}

@WWW{Wiki:variable_math,
  author  = {Wikipedia},
  title   = {Переменная (математика)},
  url     = {https://ru.wikipedia.org/wiki/Переменная_величина},
  urldate = {2021-08-20},
}

@WWW{Wiki:OOXML,
  author  = {Wikipedia},
  title   = {Office Open XML},
  url     = {https://ru.wikipedia.org/wiki/Office_Open_XML},
  urldate = {2021-08-20},
}

@WWW{ISO:OOXML,
  author  = {ISO},
  title   = {Office Open XML},
  url     = {https://standards.iso.org/ittf/PubliclyAvailableStandards/c071692_ISO_IEC_29500-4_2016.zip},
  urldate = {2021-08-20},
}

@Comment{jabref-meta: databaseType:biblatex;}
