% Encoding: UTF-8

@Article{Laskin:lognorm,
  author       = {М.~Б.~Ласкин and С.~В.~Пупенцова},
  date         = {2014},
  journaltitle = {Имущественные отношения в~Российской Федерации},
  title        = {Логарифмическоераспределение цен на объекты недвижимости},
  pages        = {52-59},
  volume       = {5(15)},
}

@Comment{jabref-meta: databaseType:biblatex;}
