% Encoding: UTF-8

@WWW{Wiki:Ross_Ihaka,
  author = {Wikipedia},
  url    = {https://en.wikipedia.org/wiki/Ross_Ihaka},
}

@Comment{jabref-meta: databaseType:biblatex;}
