% Encoding: UTF-8

@WWW{RVGS-Rus-TeX-source-res,
  author   = {Kirill A. Murashev},
  date     = {2021-07-28},
  title    = {RICS Valuation "---~Global Standrards 2020. Russian translation.},
  url      = {https://github.com/Kirill-Murashev/RVGS-2020-RUS.git},
  language = {TeX},
}

@WWW{RVGS-Rus-TeX-source,
  author   = {Kirill A. Murashev},
  date     = {2021-07-28},
  title    = {RICS Valuation "---~Global Standrards 2020. Russian translation.},
  url      = {https://web.tresorit.com/l/oFpJF#xr3UGoxLvszsn4vAaHtjqw},
  language = {TeX},
}

@WWW{Facebook:Murashev_Kirill,
  url     = {https://www.facebook.com/murashev.kirill/},
  urldate = {2021-07-28},
}

@WWW{Python_source_tresorit,
  author   = {Kirill A. Murashev},
  url      = {https://web.tresorit.com/l/VGZE5#XqySAkmjY0DAIcOp1ZWPmg},
  language = {R},
}

@WWW{R_source_tresorit,
  author   = {Kirill A. Murashev},
  url      = {https://web.tresorit.com/l/1Zgvt#kBA5FiY0Qtverp8Rjz6gyg},
  language = {R},
}

@WWW{R_source_github,
  author   = {Kirill A. Murashev},
  url      = {https://github.com/Kirill-Murashev/AI_for_valuers_R_source},
  language = {R},
}

@WWW{Python_source_github,
  author   = {Kirill A. Murashev},
  language = {R},
  url      = {https://github.com/Kirill-Murashev/AI_for_valuers_Python_source},
}

@Book{AI_in_valuation_book_tresorit,
  author       = {Kirill A. Murashev},
  title        = {Искусственный интеллект в~оценочной деятельности: практическое руководство по~разработке систем поддержки принятия решений оценщиками с~использованием языков программирования R и~Python},
  location     = {Inkeri},
  origlanguage = {Русский},
  url          = {https://web.tresorit.com/l/3xiTP#1p8pFnG_9No9izLFd09xaA},
}

@Book{AI_in_valuation_book_github,
  author       = {Kirill A. Murashev},
  title        = {Искусственный интеллект в~оценочной деятельности: практическое руководство по~разработке систем поддержки принятия решений оценщиками с~использованием языков программирования R и~Python},
  location     = {Inkeri},
  origlanguage = {Русский},
  url          = {https://github.com/Kirill-Murashev/AI_for_valuers_book},
}

@Article{Murashev:freq-baye-prob,
  author = {К.~А.~Мурашев},
  date   = {2021-10-10},
  title  = {Краткое введение в~различия между часотным и~байесовским подходом к~вероятности в~оценке стоимости},
}

@Comment{jabref-meta: databaseType:biblatex;}
